<record><leader>00000cas a2200000 a 4500</leader><controlfield tag="001">12026215</controlfield><controlfield tag="008">850513d19uu1935ksuwr ne      0    0eng d</controlfield><datafield ind1=" " ind2=" " tag="010"><subfield code="a">sn 85030332 </subfield></datafield><datafield ind1=" " ind2=" " tag="040"><subfield code="a">KSH</subfield><subfield code="b">eng</subfield><subfield code="c">KSH</subfield><subfield code="d">NPT</subfield><subfield code="d">OCL</subfield><subfield code="d">OCLCQ</subfield></datafield><datafield ind1=" " ind2=" " tag="042"><subfield code="a">msc</subfield></datafield><datafield ind1="0" ind2="4" tag="245"><subfield code="a">The Broadaxe.</subfield></datafield><datafield ind1="1" ind2="3" tag="246"><subfield code="a">Osawatomie clarion</subfield><subfield code="f">Oct. 11-Dec. 27, 1935</subfield></datafield><datafield ind1=" " ind2=" " tag="260"><subfield code="a">Osawatomie, Kan. :</subfield><subfield code="b">Lowe Print. Co.,</subfield><subfield code="c">-1935.</subfield></datafield><datafield ind1=" " ind2=" " tag="300"><subfield code="a">v. :</subfield><subfield code="b">ill. ;</subfield><subfield code="c">29-36 cm.</subfield></datafield><datafield ind1=" " ind2=" " tag="310"><subfield code="a">Weekly</subfield></datafield><datafield ind1="0" ind2=" " tag="362"><subfield code="a">-v. 6, no. 15 (Dec. 27, 1935).</subfield></datafield><datafield ind1=" " ind2=" " tag="588"><subfield code="a">Description based on: Vol. 2, no. 3 (Oct. 2, 1931).</subfield></datafield><datafield ind1=" " ind2=" " tag="752"><subfield code="a">United States</subfield><subfield code="b">Kansas</subfield><subfield code="c">Miami</subfield><subfield code="d">Osawatomie.</subfield></datafield><datafield ind1="1" ind2=" " tag="029"><subfield code="a">AU@</subfield><subfield code="b">000020378502</subfield></datafield></record>